@article{weininger1988smiles,
  title={SMILES, a chemical language and information system. 1. Introduction to methodology and encoding rules},
  author={Weininger, David},
  journal={Journal of chemical information and computer sciences},
  volume={28},
  number={1},
  pages={31--36},
  year={1988},
  publisher={ACS Publications}
}

@article{lewis2019bart,
  title={Bart: Denoising sequence-to-sequence pre-training for natural language generation, translation, and comprehension},
  author={Lewis, Mike and Liu, Yinhan and Goyal, Naman and Ghazvininejad, Marjan and Mohamed, Abdelrahman and Levy, Omer and Stoyanov, Ves and Zettlemoyer, Luke},
  journal={arXiv preprint arXiv:1910.13461},
  year={2019}
}

@article{liu2017retrosynthetic,
  title={Retrosynthetic reaction prediction using neural sequence-to-sequence models},
  author={Liu, Bowen and Ramsundar, Bharath and Kawthekar, Prasad and Shi, Jade and Gomes, Joseph and Luu Nguyen, Quang and Ho, Stephen and Sloane, Jack and Wender, Paul and Pande, Vijay},
  journal={ACS central science},
  volume={3},
  number={10},
  pages={1103--1113},
  year={2017},
  publisher={ACS Publications}
}

@article{coley2018machine,
  title={Machine learning in computer-aided synthesis planning},
  author={Coley, Connor W and Green, William H and Jensen, Klavs F},
  journal={Accounts of chemical research},
  volume={51},
  number={5},
  pages={1281--1289},
  year={2018},
  publisher={ACS Publications}
}

@article{segler2017neural,
  title={Neural-symbolic machine learning for retrosynthesis and reaction prediction},
  author={Segler, Marwin HS and Waller, Mark P},
  journal={Chemistry--A European Journal},
  volume={23},
  number={25},
  pages={5966--5971},
  year={2017},
  publisher={Wiley Online Library}
}

@article{irwin2022chemformer,
  title={Chemformer: a pre-trained transformer for computational chemistry},
  author={Irwin, Ross and Dimitriadis, Spyridon and He, Jiazhen and Bjerrum, Esben Jannik},
  journal={Machine Learning: Science and Technology},
  volume={3},
  number={1},
  pages={015022},
  year={2022},
  publisher={IOP Publishing}
}

@article{zhong2022root,
  title={Root-aligned SMILES: a tight representation for chemical reaction prediction},
  author={Zhong, Zipeng and Song, Jie and Feng, Zunlei and Liu, Tiantao and Jia, Lingxiang and Yao, Shaolun and Wu, Min and Hou, Tingjun and Song, Mingli},
  journal={Chemical Science},
  volume={13},
  number={31},
  pages={9023--9034},
  year={2022},
  publisher={Royal Society of Chemistry}
}

@article{tu2022permutation,
  title={Permutation invariant graph-to-sequence model for template-free retrosynthesis and reaction prediction},
  author={Tu, Zhengkai and Coley, Connor W},
  journal={Journal of chemical information and modeling},
  volume={62},
  number={15},
  pages={3503--3513},
  year={2022},
  publisher={ACS Publications}
}


@misc{joshi_2020,
  title={Transformers are Graph Neural Networks},
  url={https://towardsdatascience.com/transformers-are-graph-neural-networks-bca9f75412aa},
  journal={Medium},
  publisher={Towards Data Science},
  author={Joshi, Chaitanya K},
  year={2020},
  month={Mar}
} 

@article{coley2017computer,
  title={Computer-assisted retrosynthesis based on molecular similarity},
  author={Coley, Connor W and Rogers, Luke and Green, William H and Jensen, Klavs F},
  journal={ACS central science},
  volume={3},
  number={12},
  pages={1237--1245},
  year={2017},
  publisher={ACS Publications}
}

@article{dai2019retrosynthesis,
  title={Retrosynthesis prediction with conditional graph logic network},
  author={Dai, Hanjun and Li, Chengtao and Coley, Connor and Dai, Bo and Song, Le},
  journal={Advances in Neural Information Processing Systems},
  volume={32},
  year={2019}
}

@article{chen2021deep,
  title={Deep retrosynthetic reaction prediction using local reactivity and global attention},
  author={Chen, Shuan and Jung, Yousung},
  journal={JACS Au},
  volume={1},
  number={10},
  pages={1612--1620},
  year={2021},
  publisher={ACS Publications}
}

@inproceedings{shi2020graph,
  title={A graph to graphs framework for retrosynthesis prediction},
  author={Shi, Chence and Xu, Minkai and Guo, Hongyu and Zhang, Ming and Tang, Jian},
  booktitle={International conference on machine learning},
  pages={8818--8827},
  year={2020},
  organization={PMLR}
}

@article{somnath2021learning,
  title={Learning graph models for retrosynthesis prediction},
  author={Somnath, Vignesh Ram and Bunne, Charlotte and Coley, Connor and Krause, Andreas and Barzilay, Regina},
  journal={Advances in Neural Information Processing Systems},
  volume={34},
  pages={9405--9415},
  year={2021}
}

@article{wang2021retroprime,
  title={Retroprime: A diverse, plausible and transformer-based method for single-step retrosynthesis predictions},
  author={Wang, Xiaorui and Li, Yuquan and Qiu, Jiezhong and Chen, Guangyong and Liu, Huanxiang and Liao, Benben and Hsieh, Chang-Yu and Yao, Xiaojun},
  journal={Chemical Engineering Journal},
  volume={420},
  pages={129845},
  year={2021},
  publisher={Elsevier}
}

@article{yan2020retroxpert,
  title={Retroxpert: Decompose retrosynthesis prediction like a chemist},
  author={Yan, Chaochao and Ding, Qianggang and Zhao, Peilin and Zheng, Shuangjia and Yang, Jinyu and Yu, Yang and Huang, Junzhou},
  journal={Advances in Neural Information Processing Systems},
  volume={33},
  pages={11248--11258},
  year={2020}
}

@article{sumner2020levenshtein,
  title={Levenshtein augmentation improves performance of smiles based deep-learning synthesis prediction},
  author={Sumner, Dean and He, Jiazhen and Thakkar, Amol and Engkvist, Ola and Bjerrum, Esben Jannik},
  year={2020}
}

@inproceedings{seo2021gta,
  title={GTA: Graph truncated attention for retrosynthesis},
  author={Seo, Seung-Woo and Song, You Young and Yang, June Yong and Bae, Seohui and Lee, Hankook and Shin, Jinwoo and Hwang, Sung Ju and Yang, Eunho},
  booktitle={Proceedings of the AAAI Conference on Artificial Intelligence},
  volume={35},
  number={1},
  pages={531--539},
  year={2021}
}

@article{sun2021towards,
  title={Towards understanding retrosynthesis by energy-based models},
  author={Sun, Ruoxi and Dai, Hanjun and Li, Li and Kearnes, Steven and Dai, Bo},
  journal={Advances in Neural Information Processing Systems},
  volume={34},
  pages={10186--10194},
  year={2021}
}

@article{sacha2021molecule,
  title={Molecule edit graph attention network: modeling chemical reactions as sequences of graph edits},
  author={Sacha, Miko{\l}aj and B{\l}az, Miko{\l}aj and Byrski, Piotr and Dabrowski-Tumanski, Pawe{\l} and Chrominski, Miko{\l}aj and Loska, Rafa{\l} and W{\l}odarczyk-Pruszynski, Pawe{\l} and Jastrzebski, Stanis{\l}aw},
  journal={Journal of Chemical Information and Modeling},
  volume={61},
  number={7},
  pages={3273--3284},
  year={2021},
  publisher={ACS Publications}
}

@inproceedings{wan2022retroformer,
  title={Retroformer: Pushing the limits of end-to-end retrosynthesis transformer},
  author={Wan, Yue and Hsieh, Chang-Yu and Liao, Ben and Zhang, Shengyu},
  booktitle={International Conference on Machine Learning},
  pages={22475--22490},
  year={2022},
  organization={PMLR}
}

@article{kim2021valid,
  title={Valid, plausible, and diverse retrosynthesis using tied two-way transformers with latent variables},
  author={Kim, Eunji and Lee, Dongseon and Kwon, Youngchun and Park, Min Sik and Choi, Youn-Suk},
  journal={Journal of Chemical Information and Modeling},
  volume={61},
  number={1},
  pages={123--133},
  year={2021},
  publisher={ACS Publications}
}

@article{chen2023g,
  title={G 2 Retro as a two-step graph generative models for retrosynthesis prediction},
  author={Chen, Ziqi and Ayinde, Oluwatosin R and Fuchs, James R and Sun, Huan and Ning, Xia},
  journal={Communications Chemistry},
  volume={6},
  number={1},
  pages={102},
  year={2023},
  publisher={Nature Publishing Group UK London}
}

@article{segler2018planning,
  title={Planning chemical syntheses with deep neural networks and symbolic AI},
  author={Segler, Marwin HS and Preuss, Mike and Waller, Mark P},
  journal={Nature},
  volume={555},
  number={7698},
  pages={604--610},
  year={2018},
  publisher={Nature Publishing Group UK London}
}

@article{shen2021automation,
  title={Automation and computer-assisted planning for chemical synthesis},
  author={Shen, Yuning and Borowski, Julia E and Hardy, Melissa A and Sarpong, Richmond and Doyle, Abigail G and Cernak, Tim},
  journal={Nature Reviews Methods Primers},
  volume={1},
  number={1},
  pages={1--23},
  year={2021},
  publisher={Nature Publishing Group}
}

@article{cook2012computer,
  title={Computer-aided synthesis design: 40 years on},
  author={Cook, Anthony and Johnson, A Peter and Law, James and Mirzazadeh, Mahdi and Ravitz, Orr and Simon, Aniko},
  journal={Wiley Interdisciplinary Reviews: Computational Molecular Science},
  volume={2},
  number={1},
  pages={79--107},
  year={2012},
  publisher={Wiley Online Library}
}

@article{corey1985computer,
  title={Computer-assisted analysis in organic synthesis},
  author={Corey, Elias James and Long, Alan K and Rubenstein, Stewart D},
  journal={Science},
  volume={228},
  number={4698},
  pages={408--418},
  year={1985},
  publisher={American Association for the Advancement of Science}
}

@article{sun2022computer,
  title={Computer-aided retrosynthetic design: fundamentals, tools, and outlook},
  author={Sun, Yijia and Sahinidis, Nikolaos V},
  journal={Current Opinion in Chemical Engineering},
  volume={35},
  pages={100721},
  year={2022},
  publisher={Elsevier}
}

@article{landrum2013rdkit,
  title={RDKit: A software suite for cheminformatics, computational chemistry, and predictive modeling},
  author={Landrum, Greg and others},
  journal={Greg Landrum},
  volume={8},
  number={31.10},
  pages={5281},
  year={2013}
}

@article{vaswani2017attention,
  title={Attention is all you need},
  author={Vaswani, Ashish and Shazeer, Noam and Parmar, Niki and Uszkoreit, Jakob and Jones, Llion and Gomez, Aidan N and Kaiser, {\L}ukasz and Polosukhin, Illia},
  journal={Advances in neural information processing systems},
  volume={30},
  year={2017}
}

@article{ghazvininejad2019mask,
  title={Mask-predict: Parallel decoding of conditional masked language models},
  author={Ghazvininejad, Marjan and Levy, Omer and Liu, Yinhan and Zettlemoyer, Luke},
  journal={arXiv preprint arXiv:1904.09324},
  year={2019}
}

@article{gong2022diffuseq,
  title={Diffuseq: Sequence to sequence text generation with diffusion models},
  author={Gong, Shansan and Li, Mukai and Feng, Jiangtao and Wu, Zhiyong and Kong, LingPeng},
  journal={arXiv preprint arXiv:2210.08933},
  year={2022}
}

@article{gong2023diffuseq,
  title={DiffuSeq-v2: Bridging Discrete and Continuous Text Spaces for Accelerated Seq2Seq Diffusion Models},
  author={Gong, Shansan and Li, Mukai and Feng, Jiangtao and Wu, Zhiyong and Kong, Lingpeng},
  journal={arXiv preprint arXiv:2310.05793},
  year={2023}
}

@article{yuan2022seqdiffuseq,
  title={Seqdiffuseq: Text diffusion with encoder-decoder transformers},
  author={Yuan, Hongyi and Yuan, Zheng and Tan, Chuanqi and Huang, Fei and Huang, Songfang},
  journal={arXiv preprint arXiv:2212.10325},
  year={2022}
}

@article{hoogeboom2021argmax,
  title={Argmax flows and multinomial diffusion: Learning categorical distributions},
  author={Hoogeboom, Emiel and Nielsen, Didrik and Jaini, Priyank and Forr{\'e}, Patrick and Welling, Max},
  journal={Advances in Neural Information Processing Systems},
  volume={34},
  pages={12454--12465},
  year={2021}
}

@article{ho2020denoising,
  title={Denoising diffusion probabilistic models},
  author={Ho, Jonathan and Jain, Ajay and Abbeel, Pieter},
  journal={Advances in neural information processing systems},
  volume={33},
  pages={6840--6851},
  year={2020}
}

@inproceedings{nichol2021improved,
  title={Improved denoising diffusion probabilistic models},
  author={Nichol, Alexander Quinn and Dhariwal, Prafulla},
  booktitle={International conference on machine learning},
  pages={8162--8171},
  year={2021},
  organization={PMLR}
}

@inproceedings{sohl2015deep,
  title={Deep unsupervised learning using nonequilibrium thermodynamics},
  author={Sohl-Dickstein, Jascha and Weiss, Eric and Maheswaranathan, Niru and Ganguli, Surya},
  booktitle={International conference on machine learning},
  pages={2256--2265},
  year={2015},
  organization={PMLR}
}

@article{chen2023importance,
  title={On the importance of noise scheduling for diffusion models},
  author={Chen, Ting},
  journal={arXiv preprint arXiv:2301.10972},
  year={2023}
}

@article{saharia2022photorealistic,
  title={Photorealistic text-to-image diffusion models with deep language understanding},
  author={Saharia, Chitwan and Chan, William and Saxena, Saurabh and Li, Lala and Whang, Jay and Denton, Emily L and Ghasemipour, Kamyar and Gontijo Lopes, Raphael and Karagol Ayan, Burcu and Salimans, Tim and others},
  journal={Advances in neural information processing systems},
  volume={35},
  pages={36479--36494},
  year={2022}
}

@inproceedings{zhang2023adding,
  title={Adding conditional control to text-to-image diffusion models},
  author={Zhang, Lvmin and Rao, Anyi and Agrawala, Maneesh},
  booktitle={Proceedings of the IEEE/CVF International Conference on Computer Vision},
  pages={3836--3847},
  year={2023}
}

@inproceedings{gu2022vector,
  title={Vector quantized diffusion model for text-to-image synthesis},
  author={Gu, Shuyang and Chen, Dong and Bao, Jianmin and Wen, Fang and Zhang, Bo and Chen, Dongdong and Yuan, Lu and Guo, Baining},
  booktitle={Proceedings of the IEEE/CVF Conference on Computer Vision and Pattern Recognition},
  pages={10696--10706},
  year={2022}
}

@article{dieleman2022continuous,
  title={Continuous diffusion for categorical data},
  author={Dieleman, Sander and Sartran, Laurent and Roshannai, Arman and Savinov, Nikolay and Ganin, Yaroslav and Richemond, Pierre H and Doucet, Arnaud and Strudel, Robin and Dyer, Chris and Durkan, Conor and others},
  journal={arXiv preprint arXiv:2211.15089},
  year={2022}
}

@article{austin2021structured,
  title={Structured denoising diffusion models in discrete state-spaces},
  author={Austin, Jacob and Johnson, Daniel D and Ho, Jonathan and Tarlow, Daniel and Van Den Berg, Rianne},
  journal={Advances in Neural Information Processing Systems},
  volume={34},
  pages={17981--17993},
  year={2021}
}

@article{he2022diffusionbert,
  title={Diffusionbert: Improving generative masked language models with diffusion models},
  author={He, Zhengfu and Sun, Tianxiang and Wang, Kuanning and Huang, Xuanjing and Qiu, Xipeng},
  journal={arXiv preprint arXiv:2211.15029},
  year={2022}
}

@article{kingma2021variational,
  title={Variational diffusion models},
  author={Kingma, Diederik and Salimans, Tim and Poole, Ben and Ho, Jonathan},
  journal={Advances in neural information processing systems},
  volume={34},
  pages={21696--21707},
  year={2021}
}

@article{Lowe2017,
author = "Daniel Lowe",
title = "{Chemical reactions from US patents (1976-Sep2016)}",
year = "2017",
month = "6",
url = "https://figshare.com/articles/dataset/Chemical_reactions_from_US_patents_1976-Sep2016_/5104873",
doi = "10.6084/m9.figshare.5104873.v1"
}

@article{hendrycks2016gaussian,
  title={Gaussian error linear units (gelus)},
  author={Hendrycks, Dan and Gimpel, Kevin},
  journal={arXiv preprint arXiv:1606.08415},
  year={2016}
}

@article{paal1884ueber,
  title={Ueber die Derivate des Acetophenonacetessigesters und des Acetonylacetessigesters},
  author={Paal, C},
  journal={Berichte der deutschen chemischen Gesellschaft},
  volume={17},
  number={2},
  pages={2756--2767},
  year={1884},
  publisher={WILEY-VCH Verlag Berlin}
}

@article{knorr1884synthese,
  title={Synthese von Furfuranderivaten aus dem Diacetbernsteins{\"a}ureester},
  author={Knorr, Ludwig},
  journal={Berichte der deutschen chemischen Gesellschaft},
  volume={17},
  number={2},
  pages={2863--2870},
  year={1884},
  publisher={WILEY-VCH Verlag Berlin}
}

@article{borch2003reductive,
  title={Reductive Amination with Sodium Cyanoborohydride: N, N-Dimethylcyclohexylamine: Cyclohexanamine, 4, 4-dimethyl-},
  author={Borch, Richard F},
  journal={Organic Syntheses},
  volume={52},
  pages={124--124},
  year={2003},
  publisher={Wiley Online Library}
}
